@misc{iwm4,
title = {{IWM(4) --- FreeBSD Manual Pages}},
howpublished = "\url{https://www.freebsd.org/cgi/man.cgi?iwm(4)}",
},
